=LDR  02299cam a2200565 a 4500
=001  013384614
=003  Uk
=005  20070913134415.0
=006  m\\\\|\\\d\|\\\\\\
=007  cr||||||||||||
=008  060123s2005\\\\enk\\\\\s\\\\\000\0\eng\\
=FMT  \\$a  BK
=015  \\$aGBA622586$2bnb
=020  \\$cNo price
=040  \\$aUk$beng$cUk
=042  \\$aukblsr
=082  04$a339.5$222
=100  1\$aHorsley, Anthony.
=245  10$aCharacterizations of long-run producer optima and the short-run approach to long-run market equilibrium$h[electronic resource] :$ba general theory with applications to peak-load pricing /$cby Anthony Horsley and Andrew J. Wrobel.
=260  \\$aLondon :$bSuntory and Toyota International Centres for Economics and Related Disciplines,$c2005.
=336  \\$atext$2rdacontent
=337  \\$acomputer$2rdamedia
=338  \\$aonline resource$2rdacarrier
=490  1\$aDiscussion paper / Suntory and Toyota International Centre for Economics and Related Disciplines ;$vno. TE/05/490
=538  \\$aMode of access: World Wide Web.
=538  \\$aSystem requirements: Adobe Acrobat Reader.
=500  \\$aTitle from PDF title page (viewed on 14 Feb., 2006).
=516  \\$aPDF format.
=650  \0$aEquilibrium (Economics)
=650  \0$aPricing.
=700  1\$aWrobel, Andrew J.
=710  2\$aSuntory and Toyota International Centres for Economics and Related Disciplines.
=830  \0$aDiscussion paper (Suntory and Toyota International Centres for Economics and Related Disciplines) ;$vno. TE/05/490.
=856  40$ahttp://sticerd.lse.ac.uk/dps/te/te490.pdf
=985  \\$a100 & 700 = new hdgs.
=CAT  \\$a10902$b40$c20060123$lBLL01$h1334
=CAT  \\$a10902$b40$c20060123$lBLL01$h1338
=CAT  \\$a11249$b40$c20060202$lBLL01$h1330
=CAT  \\$a7332$b40$c20060214$lBLL01$h1106
=CAT  \\$a7332$b40$c20060214$lBLL01$h1112
=CAT  \\$aBATCH-UPD$b40$c20070912$lBLL01$h2023
=CAT  \\$a11279$b40$c20070913$lBLL01$h1344
=CAT  \\$aBATCH$b00$c20080505$lBLL01$h1320
=CAT  \\$aWR10_184$c20101208$lBLL01$h1636
=CAT  \\$aWR12-140$c20121030$lBLL01$h1049
=CAT  \\$aWR13.144/5$c20140418$lBLL01$h0935
=FIN  \\$aY$d20060214
=DRT  \\$aVDEP
=STA  \\$aSUPPRESSED$bWR10_184
=LAS  \\$aWR13.144/5$b00$c20140418$lBLL01$h0935

