=LDR  03169 am a2200589 a 4500
=001  013182855
=003  Uk
=005  20050426090114.0
=006  m\\\\|\\\d\|\\\\\\
=007  cr|cn\|||a||||
=008  050422s2005\\\\enk||||\s||||o00|\0\eng\\
=FMT  \\$a  BK
=015  \\$aGBA535026$2bnb
=020  \\$a0856053694 :$cNo price
=040  \\$aUk$beng$cUk
=042  \\$aukblsr
=082  04$a344.4101$222
=245  00$a2002 compendium of regulatory impact assessments$h[electronic resource].
=260  \\$aLondon :$bDTI, Employment Market Analysis and Research,$c2005.
=336  \\$atext$2rdacontent
=337  \\$acomputer$2rdamedia
=338  \\$aonline resource$2rdacarrier
=490  1\$aEmployment relations research series$vno. 40
=538  \\$aMode of access: World Wide Web.
=538  \\$aSystem requirements: IBM compatible PC; Windows; Adobe Acrobat Reader.
=500  \\$aTitle from PDF title page.
=516  \\$aPDF format.
=505  0\$aSummer time order -- Proposal for a directive of the European Parliament and of the Council of Working Conditions for temporary agency workers -- National minimum wage regulations 1999 (amendment) regulations 2002 -- Fixed-term employees' (prevention of less favourable treatment) regulations 2002 - (implementing the framework agreement on fixed-term work) -- Revision of the regulations concerning the private recruitment industry -- Employment Act 2002: regulations on maternity leave and paternity and adoption leave and pay -- Religion or belief -- Sexual orientation -- Imposing a duty on employers to seriously consider requests for flexible working from the parents of young and disabled children -- End of the UK opt-out from the working time and night work provisions within the young workers directive.
=500  \\$aPublisher's no.: URN 05/582.
=500  \\$a"Some of the RIAs in this document have been updated to take into account developments since their original publication". - Foreword.
=650  \0$aDiscrimination in employment$xLaw and legislation$zGreat Britain.
=650  \0$aLabor laws and legislation$zGreat Britain.
=710  1\$aGreat Britain.$bDepartment of Trade and Industry.$bEmployment Market Analysis and Research.
=710  1\$aGreat Britain.$bDepartment of Trade and Industry.$bEmployment Relations Directorate.
=856  40$uhttp://www.dti.gov.uk/er/emar/errs40.pdf?pubpdfdload=05%2F582
=830  \0$aEmployment relations research series ;$vno. 40.
=985  \\$aRecord amended for WR# 13/070
=CAT  \\$a6524$b40$c20050422$lBLL01$h1407
=CAT  \\$a6524$b40$c20050422$lBLL01$h1420
=CAT  \\$a8141$b40$c20050426$lBLL01$h0901
=CAT  \\$aBATCH-UPD$b40$c20070912$lBLL01$h2022
=CAT  \\$aBATCH$b00$c20080505$lBLL01$h1320
=CAT  \\$aBATCH$b00$c20091217$lBLL01$h0349
=CAT  \\$aWR10_184$c20101208$lBLL01$h1635
=CAT  \\$aWR12-140$c20121030$lBLL01$h1048
=CAT  \\$aWR13_070$b00$c20130504$lBLL01$h0239
=CAT  \\$aWR13.144/5$c20140418$lBLL01$h0930
=CAT  \\$aBATCH-UPD$b00$c20150509$lBLL01$h1642
=FIN  \\$aY$d20050426
=DRT  \\$aVDEP
=STA  \\$aSUPPRESSED$bWR10_184
=LAS  \\$aBATCH-UPD$b00$c20150509$lBLL01$h1642

