=LDR  02080cam a2200517 a 4500
=001  013384644
=003  Uk
=005  20060209103056.0
=006  m\\\\|\\\d\|\\\\\\
=007  cr||||||||||||
=008  060123s2005\\\\enk\\\\\s\\\\\000\0\eng\\
=FMT  \\$a  BK
=040  \\$aUk$beng$cUk
=042  \\$aukblsr
=082  04$a330.0151$222
=100  1\$aHorsley, Anthony.
=245  14$aThe Wong-Viner envelope theorem for subdifferentiable functions$h[electronic resource] /$cby Anthony Horsley and Andrew J. Wrobel.
=260  \\$aLondon :$bSuntory and Toyota International Centres for Economics and Related Disciplines,$c2005.
=336  \\$atext$2rdacontent
=337  \\$acomputer$2rdamedia
=338  \\$aonline resource$2rdacarrier
=490  1\$aDiscussion paper / Suntory and Toyota International Centre for Economics and Related Disciplines ;$vno. TE/05/489
=538  \\$aMode of access: World Wide Web.
=538  \\$aSystem requirements: Adobe Acrobat Reader.
=500  \\$aTitle from PDF title page (viewed on 9 Feb., 2006)
=516  \\$aPDF format.
=650  \0$aEconomics$xMathematical models.
=700  1\$aWrobel, Andrew J.
=710  2\$aSuntory and Toyota International Centres for Economics and Related Disciplines.
=830  \0$aDiscussion paper (Suntory and Toyota International Centres for Economics and Related Disciplines) ;$vno. TE/05/489.
=856  40$uhttp://sticerd.lse.ac.uk/dps/te/te489.pdf
=985  \\$a100 & 700 = new hdgs.
=CAT  \\$a10902$b40$c20060123$lBLL01$h1359
=CAT  \\$a10902$b40$c20060123$lBLL01$h1400
=CAT  \\$a10902$b40$c20060123$lBLL01$h1404
=CAT  \\$a11249$b40$c20060202$lBLL01$h1338
=CAT  \\$a7332$b40$c20060209$lBLL01$h1030
=CAT  \\$aBATCH-UPD$b40$c20070912$lBLL01$h2023
=CAT  \\$aBATCH$b00$c20080505$lBLL01$h1320
=CAT  \\$aWR10_184$c20101208$lBLL01$h1636
=CAT  \\$aWR12-140$c20121030$lBLL01$h1049
=CAT  \\$aWR13.144/5$c20140418$lBLL01$h0935
=FIN  \\$aY$d20060209
=DRT  \\$aVDEP
=STA  \\$aSUPPRESSED$bWR10_184
=LAS  \\$aWR13.144/5$b00$c20140418$lBLL01$h0935

