=LDR  01926cam a2200541 a 4500
=001  013388484
=003  Uk
=005  20071008085402.0
=006  m\\\\|\\\d\|\\\\\\
=007  cr||||||||||||
=008  060126s2005\\\\enk\\\\\s\\\\\000\0\eng\\
=FMT  \\$a  BK
=015  \\$aGBA623822$2bnb
=020  \\$cNo price
=040  \\$aUk$beng$cUk
=042  \\$aukblsr
=082  04$a003.2$222
=100  1\$aPatton, Andrew J.
=245  10$aTestable implications of forecast optimality$h[electronic resource] /$cby Andrew J. Patton and Allan Timmermann.
=260  \\$aLondon :$bLSE Suntory Centre,$c2005.
=336  \\$atext$2rdacontent
=337  \\$acomputer$2rdamedia
=338  \\$aonline resource$2rdacarrier
=490  1\$aDiscussion paper / International Studies (Suntory Centre) ;$vEM/05/485
=538  \\$aMode of access: World Wide Web.
=538  \\$aSystem requirements: Adobe Acrobat Reader.
=500  \\$aTitle from PDF title screen (viewed on 15 February, 2006).
=516  \\$aPDF format.
=650  \0$aForecasting$xMathematical models.
=700  1\$aTimmermann, Allan.
=710  2\$aSuntory Centre.
=830  \0$aDiscussion paper (International studies. Suntory Centre) ;$vEM/05/485.
=856  40$uhttp://sticerd.lse.ac.uk/dps/em/em485.pdf
=CAT  \\$a10902$b40$c20060126$lBLL01$h1523
=CAT  \\$a10902$b40$c20060126$lBLL01$h1524
=CAT  \\$a11249$b40$c20060202$lBLL01$h1337
=CAT  \\$a11281$b40$c20060215$lBLL01$h1442
=CAT  \\$aBATCH-UPD$b40$c20070912$lBLL01$h2023
=CAT  \\$a11281$b40$c20071008$lBLL01$h0844
=CAT  \\$a11281$b40$c20071008$lBLL01$h0854
=CAT  \\$aBATCH$b00$c20080505$lBLL01$h1320
=CAT  \\$aWR10_184$c20101208$lBLL01$h1636
=CAT  \\$aWR12-140$c20121030$lBLL01$h1049
=CAT  \\$aWR13.144/5$c20140418$lBLL01$h0935
=FIN  \\$aY$d20060215
=DRT  \\$aVDEP
=STA  \\$aSUPPRESSED$bWR10_184
=LAS  \\$aWR13.144/5$b00$c20140418$lBLL01$h0935

