=LDR  01938cam a2200541 a 4500
=001  013388983
=003  Uk
=005  20060220120757.0
=006  m\\\\|\\\d\|\\\\\\
=007  cr||||||||||||
=008  060127s2005\\\\enk\\\\\s\\\\\000\0\eng\\
=FMT  \\$a  BK
=015  \\$aGBA623802$2bnb
=020  \\$cNo price
=040  \\$aUk$beng$cUk
=042  \\$aukblsr
=082  04$a519.5$222
=100  1\$aNishiyama, Yoshihiko.
=245  14$aThe Bootstrap and the Edgeworth correction for semiparametric averaged derivatives$h[electronic resource] /$cYoshihiko Nishiyama, Peter M. Robinson.
=260  \\$aLondon :$bLSE Suntory Centre,$c2005.
=336  \\$atext$2rdacontent
=337  \\$acomputer$2rdamedia
=338  \\$aonline resource$2rdacarrier
=490  1\$aDiscussion paper / International Studies (Suntory Centre) ;$vEM/05/483
=538  \\$aMode of access: World Wide Web.
=538  \\$aSystem requirements: Adobe Acrobat Reader.
=500  \\$aTitle from PDF title screen (viewed on 15 February, 2006)
=516  \\$aPDF format.
=650  \0$aBootstrap (Statistics)
=650  \0$aEdgeworth expansions.
=700  1\$aRobinson, P. M.
=710  2\$aSuntory Centre.
=830  \0$aDiscussion paper (International studies. Suntory Centre) ;$vEM/05/483
=856  40$uhttp://sticerd.lse.ac.uk/dps/em/em483.pdf
=CAT  \\$a10902$b40$c20060127$lBLL01$h1348
=CAT  \\$a10902$b40$c20060127$lBLL01$h1349
=CAT  \\$a11249$b40$c20060202$lBLL01$h1330
=CAT  \\$a11281$b40$c20060215$lBLL01$h1353
=CAT  \\$a5194$b40$c20060220$lBLL01$h1207
=CAT  \\$aBATCH-UPD$b40$c20070912$lBLL01$h2023
=CAT  \\$aBATCH$b00$c20080505$lBLL01$h1320
=CAT  \\$aWR10_184$c20101208$lBLL01$h1636
=CAT  \\$aWR12-140$c20121030$lBLL01$h1049
=CAT  \\$aWR13.144/5$c20140418$lBLL01$h0935
=FIN  \\$aY$d20060215
=DRT  \\$aVDEP
=STA  \\$aSUPPRESSED$bWR10_184
=LAS  \\$aWR13.144/5$b00$c20140418$lBLL01$h0935

